<?xml version="1.0" encoding="UTF-8"?><record xmlns="http://www.loc.gov/MARC21/slim" xmlns:cinclude="http://apache.org/cocoon/include/1.0" xmlns:zs="http://www.loc.gov/zing/srw/">
  <leader>00387cz  a2200121n  4500</leader>
  <controlfield tag="001">n 2005056758</controlfield>
  <controlfield tag="003">DLC</controlfield>
  <controlfield tag="005">20111215074825.0</controlfield>
  <controlfield tag="008">050802n| acannaabn          |n aaa      </controlfield>
  <datafield tag="010" ind1=" " ind2=" ">
    <subfield code="a">n 2005056758</subfield>
  </datafield>
  <datafield tag="040" ind1=" " ind2=" ">
    <subfield code="a">DLC</subfield>
    <subfield code="b">eng</subfield>
    <subfield code="c">DLC</subfield>
    <subfield code="d">DLC</subfield>
  </datafield>
  <datafield tag="100" ind1="1" ind2=" ">
    <subfield code="a">Gardner, John,</subfield>
    <subfield code="d">1917-2011.</subfield>
    <subfield code="t">Scots overture</subfield>
  </datafield>
  <datafield tag="670" ind1=" " ind2=" ">
    <subfield code="a">British light overtures. 2, p2003:</subfield>
    <subfield code="b">container (A Scots overture (1941 rev. 1954), by John Gardner)</subfield>
  </datafield>
</record>